<?xml version='1.0' encoding='UTF-8'?>
<record xmlns="http://www.loc.gov/MARC21/slim">
  <leader>02704cac a22003737a 4500</leader>
  <controlfield tag="001">478356</controlfield>
  <controlfield tag="003">NjP</controlfield>
  <controlfield tag="005">20170905102855.0</controlfield>
  <controlfield tag="008">881114s1885    sy            000 0 ara d</controlfield>
  <datafield tag="024" ind1="7" ind2=" ">
    <subfield code="a">princeton_aco001774</subfield>
    <subfield code="2">local</subfield>
  </datafield>
  <datafield ind1=" " ind2=" " tag="035">
    <subfield code="a">(OCoLC)ocn175560316</subfield>
  </datafield>
  <datafield ind1=" " ind2=" " tag="035">
    <subfield code="a">(OCoLC)175560316</subfield>
  </datafield>
  <datafield ind1=" " ind2=" " tag="035">
    <subfield code="a">(CStRLIN)NJPG88-B56660</subfield>
  </datafield>
  <datafield ind1=" " ind2=" " tag="035">
    <subfield code="9">ACF4044TS</subfield>
  </datafield>
  <datafield ind1=" " ind2=" " tag="035">
    <subfield code="a">(NjP)478356</subfield>
  </datafield>
  <datafield ind1=" " ind2=" " tag="035">
    <subfield code="a">478356</subfield>
  </datafield>
  <datafield ind1=" " ind2=" " tag="040">
    <subfield code="a">NjP</subfield>
    <subfield code="c">PUL</subfield>
    <subfield code="d">PUL</subfield>
  </datafield>
  <datafield ind1=" " ind2=" " tag="049">
    <subfield code="a">PULL</subfield>
  </datafield>
  <datafield ind1=" " ind2=" " tag="066">
    <subfield code="c">(3</subfield>
  </datafield>
  <datafield ind1=" " ind2=" " tag="079">
    <subfield code="a">ocm26231907</subfield>
  </datafield>
  <datafield ind1="1" ind2=" " tag="100">
    <subfield code="6">880-01</subfield>
    <subfield code="a">Ḥamzah, Maḥmūd ibn Muḥammad Nasīb,</subfield>
    <subfield code="d">1820 or 1821-1887 or 1888.</subfield>
    <subfield code="0">http://id.loc.gov/authorities/names/nr90010786</subfield>
  </datafield>
  <datafield ind1="1" ind2="0" tag="245">
    <subfield code="a">[Pamphlets on Islamic law /</subfield>
    <subfield code="c">Maḥmūd al-Ḥamzāwī].</subfield>
  </datafield>
  <datafield ind1=" " ind2=" " tag="260">
    <subfield code="6">880-02</subfield>
    <subfield code="a">Dimashq :</subfield>
    <subfield code="b">Majlis al-Maʻārif,</subfield>
    <subfield code="c">1303 [1885]</subfield>
  </datafield>
  <datafield ind1=" " ind2=" " tag="300">
    <subfield code="a">10 pamphlets in 1 v. ;</subfield>
    <subfield code="c">21 cm.</subfield>
  </datafield>
  <datafield ind1=" " ind2=" " tag="500">
    <subfield code="a">Index on p. facing t.p.</subfield>
  </datafield>
  <datafield ind1="0" ind2=" " tag="505">
    <subfield code="6">880-03</subfield>
    <subfield code="a">al-Taḥrīr fī ḍamān al-maʼmūr wa-al-āmir wa-al-ajīr -- Risālah fī khalal al-maḥāḍir wa-al-sijillāt -- al-Nūr al-lāmiʻ fī uṣūl al-jāmiʻ -- Īḍāḥ al-maqāl fī al-dirham wa-al-mithqāl -- Miṣbāḥ al-dirāyah fī iṣṭilāḥ al-hidāyah -- Tanbīh al-khawāṣṣ ʻalá anna al-imḍāʼ min al-qaḍāʼ fī al-ḥudūd lā fī al-qiṣāṣ -- Risālat kashf al-majānah ʻan al-ghusl fī al-ijjānah -- Fatwá al-khawāṣṣ fī ḥill mā ṣīda bi-al-raṣāṣ -- al-Tafāwuḍ fī al-tanāquḍ -- Kashf al-sutūr ʻan ṣiḥḥat al-muhāyʼah fī al-maʼjūr.</subfield>
  </datafield>
  <datafield ind1=" " ind2="0" tag="650">
    <subfield code="a">Islamic law</subfield>
    <subfield code="x">Interpretation and construction.</subfield>
    <subfield code="0">http://id.loc.gov/authorities/subjects/sh85068455</subfield>
  </datafield>
  <datafield ind1="1" ind2=" " tag="880">
    <subfield code="6">100-01/(3/r</subfield>
    <subfield code="a">حمزة، محمود بن محمد نسيب،</subfield>
    <subfield code="d">1820 or 1821-1887 or 1888.</subfield>
  </datafield>
  <datafield ind1=" " ind2=" " tag="880">
    <subfield code="6">260-02/(3/r</subfield>
    <subfield code="a">دمشق :</subfield>
    <subfield code="b">مجلس المعارف،</subfield>
    <subfield code="c">1303 [1885]</subfield>
  </datafield>
  <datafield ind1="0" ind2=" " tag="880">
    <subfield code="6">505-03/(3/r</subfield>
    <subfield code="a">التحرير في ضمان المأمور والآمر والاجير رسالة في خلل المحاضر والسجلات النور اللامع في اصول الجامع ايضاح المقال في الدرهم والمثقال مصباح الدراية في اصطلاح الهداية تنبيه الخواص على ان الامضاء من القضاء في الحدود لا في القصاص رسالة كشف المجانة عن الغسل في الاجانة فتوى الخواص في حل ما صيد بالرصاص التفاوض في التناقض كشف الستور عن صحة المهايئه في المأجور.</subfield>
  </datafield>
  <datafield ind1=" " ind2=" " tag="998">
    <subfield code="a">07/10/92</subfield>
    <subfield code="s">9998</subfield>
    <subfield code="n">NjP</subfield>
    <subfield code="w">NJPG88B56660</subfield>
    <subfield code="d">11/14/88</subfield>
    <subfield code="c">JEB</subfield>
    <subfield code="b">JEB</subfield>
    <subfield code="i">920710</subfield>
    <subfield code="l">NJPG</subfield>
  </datafield>
  <datafield ind1=" " ind2=" " tag="911">
    <subfield code="a">19921028</subfield>
  </datafield>
  <datafield ind1=" " ind2=" " tag="912">
    <subfield code="a">19920710000000.0</subfield>
  </datafield>
  <datafield ind1=" " ind2=" " tag="994">
    <subfield code="a">C0</subfield>
    <subfield code="b">PUL</subfield>
  </datafield>
  <datafield ind1=" " ind2=" " tag="999">
    <subfield code="a">478356</subfield>
  </datafield>
  <datafield ind1="0" ind2="0" tag="852">
    <subfield code="0">519829</subfield>
    <subfield code="b">nec</subfield>
    <subfield code="t">1</subfield>
    <subfield code="h">KBP144</subfield>
    <subfield code="i">.H369 1885</subfield>
  </datafield>
  <datafield ind1=" " ind2=" " tag="959">
    <subfield code="a">2000-06-13 00:00:00 -0500</subfield>
  </datafield>
</record>
